2113 2932
132 73 192 134 76
657 69 775 111 CAP.
791 67 884 111 VII.
947 63 1051 108 Vari
1075 59 1480 123 Α’πκεΦοιλαῖωστς.

143 139 877 160 ,-.-.....-.----

131 177 195 221 At
209 163 489 232 nuncquod
506 160 712 229 possum,
729 161 918 228 fugiam
934 161 1195 225 lucemque
1217 163 1478 226 Deosque:

133 238 283 286 EtTe
295 247 511 282 maturus
535 229 717 295 stygias
739 226 1081 276 comitaborin
1101 224 1283 274 undaS.

137 308 307 369 Qam
327 301 450 348 male
467 295 715 346 consuluit
739 293 1031 343 mortalibus
1051 292 1133 341 illa
1153 291 1363 342 creatrix

135 373 266 418 Hem
287 378 461 416 natura
480 363 626 417 viris,
658 358 795 427 quod
815 376 919 409 non
941 362 1179 414 concessit,
1198 370 1459 426 utramque

140 435 241 484 Illis
262 433 385 483 ferre
407 431 510 498 pari
530 429 779 479 fortunam
803 440 996 475 mente:
1030 428 1109 474 vel
1130 441 1334 476 omnem

138 498 382 552 Condidit
405 511 581 548 aeterna
609 495 794 544 tristem
816 493 1029 560 caligine
1062 491 1240 543 casum·

196 615 310 660 Haec
323 612 658 676 Melpomene,
680 604 842 655 secum
874 606 1084 653 volvens
1108 601 1392 651 mortalium
1411 601 1573 659 casus,
1600 601 1807 652 canebat
1832 623 1842 650 z
1877 599 1972 652 Sed

137 682 273 728 Mars
291 673 620 742 imprudentia
637 680 680 723 ὅ(
702 670 903 720 avaritia
923 669 1040 718 Vari
1061 681 1340 718 commotus
1362 702 1375 724 ‚
1396 669 1566 718 Musas
1587 667 1849 719 admonuit
1873 701 1885 723 ‚
1915 680 1974 717 ut

137 745 267 795 tanti
287 746 449 795 luc'tus
465 741 654 790 causam
674 738 895 804 sepulcro
915 735 1024 798 ejus
1048 734 1370 785 inscriberent
1388 769 1400 790 ‚
1435 738 1663 802 exemplo
1684 749 1857 785 cavere
1884 749 1976 782 vo-

138 814 247 861 lens
264 843 277 866 ‚
310 825 372 859 ne
399 810 511 875 quis
538 806 681 855 fimili
700 802 867 858 modo,
888 802 1032 853 &fibi
1052 801 1326 855 interitum,
1361 808 1405 854 &t
1439 802 1605 868 patriae
1637 803 1833 852 ruinam
1854 816 1975 850 con-

137 878 315 929 trahat.

855 1004 1281 1103 Epitaphium.

140 1138 254 1215 Hic
273 1137 403 1202 jacet
440 1135 664 1186 Ausoniae
694 1135 965 1182 multorum
990 1134 1129 1184 causa
1148 1136 1394 1184 malorum

277 1210 436 1253 Varus
452 1238 466 1256 ‚
486 1202 671 1251 militiae
693 1204 889 1253 Praetor‚
916 1216 1091 1248 avarus
1112 1217 1280 1266 opum.

141 1270 382 1339 Ingressus
414 1269 596 1331 Syriam
614 1266 824 1333 gemmis
843 1281 1064 1331 auroque
1084 1265 1357 1331 superbam,

202 1339 279 1386 Sic
300 1336 530 1403 spoliavit
551 1350 657 1382 eam
680 1367 693 1387 ‚
726 1337 864 1382 fleret
883 1345 938 1380 ut
957 1332 1183 1382 exitium.
1229 1336 1232 1339 '

140 1403 448 1454 Teutoniam
469 1400 612 1449 fimili
631 1415 740 1447 cum
761 1400 912 1447 vellet
939 1397 1144 1463 perdere
1163 1400 1322 1464 strage

207 1474 403 1520 Ultores
430 1468 664 1517 scelerum
685 1464 825 1515 senfit
846 1462 1004 1513 adelse
1025 1472 1153 1515 Deos

136 1535 303 1600 Hujus
326 1537 378 1584 in
398 1536 678 1600 exemplum
705 1532 993 1598 quicunque
1017 1544 1182 1582 tuetur
1206 1528 1437 1597 iniquum

207 1603 374 1653 Discat
396 1600 653 1652 avaritiam
684 1600 816 1665 peste
845 1614 1026 1663 pavere
1047 1598 1222 1664 magis,

832 1755 1265 1801 FINIS.

777 1893 1343 2144 ᾒὲίξῖὶέἒ
