2113 2932
653 63 770 118 CAP.
787 74 858 119 VJ.
892 67 1123 130 Αἷπυθὲωσις
1145 71 1342 118 Arminii.

81 144 1922 163 ——n-——u—-Q——ffl——e———a--s———n—*m

78 170 236 237 Nigr‘a
260 173 565 219 flammantes
586 168 787 219 Phoebus
807 168 1025 234 caligine
1055 182 1230 217 currus

36 268 38 270 -
81 236 357 290 Condebat,
369 236 636 301 Phoebeque
656 235 790 284 soror
808 234 1040 301 prodibat
1059 237 1168 283 Eoo

81 307 292 369 AEquore
311 302 543 369 pallidior
567 302 726 352 buxos
750 306 984 368 Junoque
1002 305 1277 367 Venusque
1296 303 1366 367 (q)

81 371 242 419 Tutas
261 369 543 434 quaerebant
558 368 792 418 latebras:
820 368 1088 417 Velocibus
1111 368 1203 415 alis
1439 376 1442 377 ’

78 435 356 485 Mercurius
379 434 785 501 fugiebatinops:
813 438 887 483 Ex
902 435 1076 485 aethere
1093 436 1283 484 multus

81 502 240 552 Imber
259 501 312 550 in
340 502 540 554 afflictas
560 515 712 551 terras
731 501 974 567 silvasque
989 500 1178 550 ruebat.

76 568 420 634 Nonnullique
431 572 602 632 Jovem
617 569 833 634 graviter
849 571 1115 630 lacrymare
1138 563 1388 617 ferebant:

78 634 289 684 Bacchus
303 650 348 684 at
365 637 589 700 expletus
612 637 747 688 vino,
763 635 1035 698 somnoque
1054 634 1273 700 sepultus
1285 638 1345 695 (r)

75 700 240 762 Hujus
254 703 530 752 eratluctus
546 716 719 765 expers
735 737 745 752 ,
774 703 999 767 tantique
1025 699 1228 749 doloris.

77 767 404 816 Crediderant
419 769 604 816 etenim
619 803 628 819 ,
642 784 795 832 parvo
816 770 922 833 post
936 782 1157 833 tempore
1170 765 1326 814 foedos

76 835 254 883 Hostes
274 847 512 883 venturos
529 869 539 885 ‚
575 834 923 899 majorumque
944 836 1169 899 exempla
1188 833 1398 884 secutos..

77 902 180 948 Post
197 917 306 948 cum
322 900 422 948 vim
442 900 555 949 belli
581 899 828 949 crudelem
854 916 1002 950 nemo
1025 899 1182 950 beatis

74 964 281 1015 Sedibus
300 965 527 1021 inferret,
554 969 731 1018 cuneta
750 974 791 1015 ὃ(
815 966 1080 1033 tranquilla
1101 978 1384 1023 manerent,

73 1032 274 1083 Pestora
296 1032 608 1081 confirmant:
645 1033 983 1098 Accerfitoque
999 1036 1183 1082 Senatu

74 1103 201 1164 Qae
221 1097 446 1147 facienda
457 1098 636 1153 forent,
653 1102 897 1148 consultat
910 1099 1135 1165 juppiter
1149 1113 1346 1150 omnes:

75 1167 304 1231 Cumque
319 1163 404 1212 diu
420 1163 574 1216 dubii,
594 1178 811 1213 mentem
832 1167 910 1214 vel
928 1165 980 1214 in
996 1165 1123 1214 hanc
1136 1199 1152 1219 ,
1180 1165 1327 1216 velin
1343 1166 1483 1217 illam

73 1232 317 1279 Inclinare
339 1229 642 1285 viderentur,
672 1230 732 1278 fic
755 1229 917 1280 dicere
934 1229 1137 1280 tandem

73 1296 544 1361 CoepitMercurius‚
579 1312 679 1361 quo
695 1313 797 1344 non
815 1295 1074 1345 facundior
1095 1298 1216 1346 alter
1226 1298 1287 1359 (s)

75 1363 347 1410 Consilium
367 1363 549 1427 reperi,
571 1360 708 1426 quod
733 1378 866 1412 certe
887 1365 954 1412 est
975 1363 1120 1412 utile:
1145 1369 1330 1412 Verum

72 1432 249 1477 Utrum
263 1426 515 1491 maiestate
539 1425 722 1481 Deum,
755 1429 1069 1478 velNumine
1092 1428 1388 1496 dignum‚(t)

71 1493 379 1562 Judicetipse
393 1494 627 1559 Pater‚qui
643 1495 749 1543 coeli
770 1494 954 1561 sceptra
972 1495 1233 1562 gubernat.

74 1561 322 1610 Omnibus
336 1576 395 1610 ex
415 1561 626 1626 populis,
644 1564 924 1626 praestantes
946 1563 1141 1616 robore,
1159 1576 1324 1614 mente
1339 1566 1415 1626 (a)

76 1630 134 1676 Et
151 1627 332 1676 virtute
355 1628 448 1675 viri
475 1627 580 1675 coeli
605 1628 881 1677 maffantur
904 1627 1111 1682 honore,

74 1695 240 1742 Graeca
264 1692 402 1743 dedit
419 1695 564 1742 tellus
585 1692 792 1742 Alciden
809 1728 822 1748 ,
841 1699 994 1743 Roma
1009 1696 1286 1761 Qirinum

75 1761 235 1809 Nobis
249 1795 263 1813 ‚
283 1767 493 1825 &nuper
508 1761 671 1808 nostro
691 1759 898 1810 succeffit
913 1763 1146 1827 Olympo,

73 1827 234 1890 Julius
253 1827 335 1875 ille
354 1829 494 1892 gravi
509 1827 765 1891 postquam
788 1831 1056 1878 certamine
1080 1830 1215 1878 cives

82 1893 295 1943 Vicerat:
326 1896 400 1940 Ex
416 1893 570 1956 Lybia
590 1895 833 1942 Memnon
854 1894 1097 1944 Tithonia
1115 1898 1281 1961 proles

74 1959 304 2011 Nectaris
319 1958 380 2008 ad
408 1959 610 2022 cyathos
626 1960 795 2019 venit;
829 1966 948 2010 Non
969 1963 1146 2011 attinet
1163 1979 1338 2012 omnes

75 2025 267 2075 Ordine
285 2027 568 2092 percensere
590 2025 844 2081 homines,
872 2028 1014 2093 queis
1030 2029 1172 2094 copia
1191 2028 1318 2081 fasta
1336 2031 1433 2086 est,
1447 2066 1458 2079 .,

76 2096 266 2159 Degere
290 2108 401 2141 cum
414 2095 625 2157 Superis.
695 2095 882 2159 Magno
909 2096 1158 2146 affectavit
1175 2096 1418 2148 honorem

74 2162 221 2207 Hunc
241 2158 401 2209 studio
425 2159 564 2208 fortis
584 2162 852 2209 Germania
873 2161 1007 2227 sirpe,
1032 2178 1122 2210 nec
1142 2161 1268 2211 illud

75 2226 309 2275 Obtinuit
328 2241 511 2276 votum.
579 2232 714 2276 Num
744 2227 948 2279 mirum,
969 2228 1001 2276 fi
1018 2243 1153 2294 petat
1175 2229 1322 2278 armis

75 2291 230 2358 Qod
248 2289 389 2355 justis
409 2292 551 2344 factis
566 2329 578 2345 ‚
600 2294 740 2343 bellis
760 2293 1086 2361 precibusque
1107 2297 1335 2361 negatur,

77 2361 156 2408 Ne
175 2360 368 2424 rapiant
386 2361 538 2427 igitur
571 2361 730 2410 nostra
755 2358 1003 2410 tradamus
1020 2360 1209 2410 eisdem

72 2429 257 2490 Sponte
277 2425 621 2480 decus‚nullus
640 2426 829 2478 dubito,
856 2429 976 2491 quin
996 2443 1143 2476 nemo
1169 2430 1336 2479 beatas

71 2495 274 2542 illorum
297 2491 436 2543 sedes
454 2496 562 2560 post
583 2493 672 2544 hac
695 2496 947 2546 vexaverit
968 2511 1215 2562 unquam,

1866 2498 1918 2548 si
