2113 2932
124 79 182 132 30
427 64 545 110 CAP.
565 63 595 105 I.
612 63 765 105 Svevos
782 56 1013 119 Thuringici
1019 56 1131 118 regni
1151 53 1200 103 ὅ
1208 58 1340 118 gemis
1355 69 1520 103 autores
1539 55 1626 107 &a

515 135 847 144 *amna—..u-

135 179 254 233 gare
273 161 473 217 nititur,
503 176 608 210 non
619 154 866 208 subsistere
886 164 1071 221 queant
1087 169 1190 206 non
1211 164 1379 202 tamen
1401 152 1623 221 despero,
1638 154 1761 219 quin
1781 155 1873 204 alia
1892 172 1968 204 ar-

138 243 375 301 gumenta
396 228 580 295 possint
611 222 830 274 inveniri
859 256 873 276 ‚
926 238 1032 287 quae
1067 219 1405 269 demonstrent
1432 220 1684 286 Tulingos
1707 222 1968 270 Lotharin·

141 300 271 366 giam
295 294 563 345 incoluisse.
628 289 891 354 Procopius
912 288 1045 336 enim
1074 321 1088 339 ‚
1120 286 1208 349 qui
1226 286 1496 334 Gothicum
1520 287 1727 340 bellum,
1756 288 1967 336 asselisa-

141 365 216 414 rio
238 369 371 412 Duce
385 363 571 428 gestum
588 393 600 412 ,
633 373 814 422 magna
834 352 928 402 fide
951 352 1249 417 composuit,
1284 356 1328 399 &
1357 353 1623 411 justiniano
1637 353 1786 401 fasces
1811 353 1967 418 impe-

139 432 202 481 rii
224 442 440 483 tenente,
451 425 632 478 floruit,
658 421 904 472 memoriae
926 418 1091 485 prodit
1114 434 1126 464 :
1159 425 1208 464 In
1225 420 1358 465 Galliis
1368 421 1452 465 alia
1463 422 1662 482 pleraque
1671 424 1851 480 flumina
1850 424 1970 481 fimt,

129 499 211 559 sed
230 497 442 544 Rhodanus
460 495 657 555 imprimis
676 494 723 537 &5
733 490 890 535 Rhenus
907 488 1000 532 hinc
1020 487 1198 544 drfluunt
1223 518 1238 538 ,
1268 486 1431 544 diversa
1449 500 1587 531 tamen
1611 487 1662 532 ὅ
1688 490 1895 532 contraria
1912 486 1968 531 ab

141 568 306 611 invicem
318 565 389 607 via
400 561 592 606 labuntur
604 577 620 605 .·
653 553 1075 615 Rhodanussiqttidem
1093 555 1135 598 in
1145 568 1260 597 mare
1272 553 1517 610 Tyrrhenum
1533 554 1631 606 exit,
1644 552 1695 600 59²
1711 555 1753 597 in
1769 559 1972 598 Oceanum

139 632 297 677 Rhenus
305 629 559 673 immittitur.
630 621 803 670 Paludes
814 635 1009 682 praterea
1031 620 1134 679 hifie
1151 620 1194 662 in
1215 619 1307 662 locis
1325 633 1405 662 non
1417 631 1555 678 paucae
1573 619 1645 663 ubi
1654 617 1854 678 primitits
1872 625 1970 663 Ger-

142 700 256 740 mani
266 726 278 748 ‚
304 711 401 756 gem·
420 692 601 738 barbara
615 688 858 736 habitabant
868 719 880 739 ‚
897 703 968 731 nec
984 688 1121 747 magni
1131 699 1229 728 tunc
1239 686 1424 744 primum
1433 688 1626 729 momenti
1642 687 1747 737 viri,
1761 687 1969 745 quiFran-

141 767 178 807 ci
196 779 299 806 mmc
308 763 551 805 vocitantur.
646 758 723 801 His
730 755 906 815 finitimi
924 753 1142 799 Arborichi
1161 752 1298 796 accolae
1318 763 1452 803 erant,
1467 752 1541 812 qui
1557 767 1649 795 cum
1665 763 1799 795 cetera
1823 751 1968 805 Gallia,

141 854 267 901 atque
286 842 384 884 item
400 840 593 901 Hispania
597 839 694 899 jam
702 836 863 898 pridem
888 832 1304 894 Romanis-parebant.
1377 819 1522 886 POst
1550 816 1670 888 hOS
1686 824 1748 886 ln
1765 823 1969 887 Osien-

143 944 275 991 tcm
310 919 505 989 solem
520 926 784 1016 Toringi
809 915 1050 988 barbari
1075 918 1247 996 sunt,
1297 925 1407 1012 qui
1432 921 1680 988 Caesaris
1710 918 1973 1015 Augusti

140 1019 430 1116 pcrmiffu
472 1077 489 1106 2
547 1022 713 1091 sedes
744 1021 854 1090 has
881 1041 1133 1087 tenuere
1170 1071 1185 1096 ‚
1239 1021 1309 1087 &
1337 1018 1418 1087 ab
1448 1017 1540 1089 his
1573 1018 1969 1116 Burgundio-

136 1147 250 1192 nes
276 1120 447 1195 haud
480 1120 704 1218 procul
729 1121 809 1189 ad
838 1123 1097 1189 Notum
1126 1139 1392 1188 ventum
1427 1143 1754 1217 vergentes
1790 1118 1969 1188 inha-

137 1221 360 1295 bitant.
451 1240 532 1288 Per
545 1235 796 1305 Toringos
811 1231 1098 1297 Procopium
1111 1231 1361 1300 Tulingos
1371 1263 1385 1288 ,
1402 1230 1492 1297 qui
1509 1231 1638 1282 inter
1652 1230 1904 1298 Vogesum
1921 1235 1968 1280 ὃ(

134 1319 397 1369 Mosellam
420 1317 739 1366 incoluerunt
768 1349 783 1367 ‚
817 1312 1291 1387 qucrumqueffgio
1321 1325 1455 1358 nunc
1473 1309 1801 1375 Lotharingia
1831 1324 1975 1358 voca·

136 1397 235 1440 tur,
255 1384 560 1450 intelligere,
584 1396 682 1431 tam
693 1379 1032 1430 manifestum,
1056 1391 1259 1442 tamque
1277 1378 1461 1425 clarum
1474 1377 1542 1424 est
1560 1410 1573 1427 ‚
1603 1387 1660 1422 ut
1678 1374 1975 1439 probatione

135 1468 242 1502 non
265 1463 423 1518 egeat.
458 1449 619 1498 Primo
636 1446 768 1497 enim
782 1445 986 1513 Augusti
1002 1457 1223 1509 tempore
1242 1442 1494 1507 Toringos
1509 1440 1564 1488 in
1586 1439 1855 1491 Germania
1883 1456 1972 1490 ex-

135 1516 308 1572 titisse,
344 1531 492 1566 nemo
513 1527 737 1565 veterum
755 1525 984 1561 autorum
1006 1508 1188 1558 afferitt
1209 1506 1401 1557 Deinde
1416 1523 1475 1555 ex
1486 1506 1977 1570 JuliiCaesarisC-om-

134 1582 382 1633 mentatio
399 1594 533 1648 patet
550 1615 564 1633 ‚
601 1579 855 1644 Tulingos
891 1580 1078 1624 Svevos
1097 1573 1252 1629 fuisse,
1270 1571 1398 1628 &‚ad
1413 1570 1674 1620 mutandas
1696 1570 1832 1621 sedes
1859 1605 1873 1626 ,
1907 1572 1970 1623 ab

137 1648 385 1701 Helvetiis
410 1647 692 1711 instigatos:
726 1647 870 1691 Porro
888 1641 1204 1689 Rhellicanus
1227 1638 1365 1688 addit
1390 1637 1642 1705 Vogesum
1666 1637 1793 1687 inter
1814 1644 1974 1688 &mo-

132 1716 302 1765 sellam
318 1712 454 1763 sedes
476 1713 643 1777 postea
657 1707 901 1758 habuisse:
918 1705 1150 1755 Tandem
1170 1704 1359 1753 accedit
1379 1704 1642 1768 Procopius
1656 1709 1696 1750 δι
1717 1704 1976 1756 confirmat

135 1798 220 1833 eas
244 1779 382 1828 sedes
400 1778 458 1827 ab
472 1778 692 1843 Augusto
708 1773 952 1840 Toringis
970 1770 1108 1820 fuisse
1126 1769 1396 1836 permissas.
1455 1771 1680 1836 Qinarn
1695 1769 1848 1836 igitur
1860 1771 1976 1821 sunt

134 1847 212 1897 illi
240 1844 458 1910 Toringi
482 1848 504 1894 ’ἰ
549 1857 678 1891 anne
701 1840 952 1905 Tyrigetae
979 1839 1040 1887 eo
1059 1852 1219 1903 usque
1241 1836 1356 1885 sunt
1371 1836 1614 1903 progressi
1640 1871 1655 1889 ‚
1690 1850 1746 1885 ut
1765 1837 1976 1903 Augusti

133 1926 359 1979 tempore
383 1925 516 1961 trans
534 1907 762 1958 Rhenum
781 1904 1100 1971 pervenerint
1125 1936 1138 1958 ‚
1170 1911 1213 1957 ὃς
1234 1905 1484 1968 Augustus
1510 1901 1698 1952 necesse
1718 1902 1973 1959 habuerit,

135 1981 210 2030 eis
231 1976 368 2028 sedes
386 1975 686 2043 permittere.
751 1970 981 2039 Qlibet
998 1969 1138 2019 facile
1158 1967 1726 2035 potestintelligere‚hoc
1748 1968 1875 2017 nihil
1890 1969 1977 2019 ab..

135 2043 334 2096 surdius
346 2078 360 2097 ‚
394 2042 520 2092 nihil
539 2040 696 2106 tnagis
711 2037 948 2088 universae
971 2036 1180 2085 historia?
1200 2035 1498 2083 contrarium
1513 2068 1525 2089 ‚
1537 2034 1810 2100 excogitari
1822 2035 1973 2100 poffe.

136 2117 201 2160 Et
223 2110 450 2177 quamvis
475 2107 650 2157 diverti
669 2104 843 2174 populi
875 2101 1138 2152 videantur
1159 2101 1381 2167 Procopii
1412 2100 1629 2165 Toringi
1654 2135 1667 2153 ,
1705 2108 1747 2150 &
1775 2102 1974 2150 Caesaris

138 2173 380 2242 Tulingi,
413 2175 552 2224 facile*
569 2188 735 2223 tamen
756 2170 1007 2220 conciliari
1031 2181 1235 2234 queunt.
1306 2167 1485 2215 Lazius
1505 2166 1559 2215 in
1586 2166 1972 2231 Migrationibus

142 2242 382 2293 Gentium
406 2248 618 2303 Turegum,
637 2237 827 2305 inquit,
845 2238 1128 2297 nobilirsimum
1143 2237 1293 2280 Sveviae
1319 2235 1504 2295 oppidztm
1523 2236 1572 2294 cst
1594 2266 1607 2284 ‚
1639 2236 1689 2279 Εἴ
1701 2235 1819 2279 hodi&
1829 2251 1971 2281 muta-

141 2317 194 2357 tis
211 2313 355 2356 litteris
373 2312 560 2370 Tigurnm
569 2307 782 2368 apellatur.
847 2303 893 2350 Si
910 2300 1061 2370 igitur
1082 2316 1157 2349 res
1171 2300 1237 2348 ira
1255 2299 1302 2347 se
1316 2299 1482 2350 habet,
1495 2315 1598 2346 non
1611 2298 1730 2346 mihi
1746 2300 1966 2350 alienum

143 2374 555 2426 videtur,Svevos
580 2369 697 2420 inde
717 2368 951 2439 digressos
966 2401 977 2423 ,
1008 2366 1160 2416 modo
1176 2365 1433 2430 Tuli‘ngos,
1449 2362 1600 2413 modo
1619 2365 1877 2433 Turingos
1897 2365 1971 2418 fu-

139 2440 224 2494 isse
241 2438 542 2496 nominum,
553 2436 613 2488 de
627 2437 716 2487 hac
735 2434 935 2486 materia
949 2432 1074 2485 infra
1088 2435 1234 2503 *plura
1244 2429 1420 2482 faciam
1430 2429 1592 2484 verba·

1832 2550 1966 2600 CAP.
