2113 2932
534 70 737 113 CAPJH.
797 68 978 111 Arminii
1000 67 1086 110 laus
1113 68 1153 110 in
1175 73 1391 114 Bramme.
1862 89 1913 137 59

68 166 230 218 cissent
259 164 456 215 invidia:
477 181 640 230 poenas
663 163 958 228 expetili'em.
1050 170 1213 229 ltaque
1236 163 1407 212 fraude
1431 183 1534 214 non
1560 170 1705 217 armis
1727 171 1910 227 cecidi,

69 233 229 296 major
248 231 524 282 Alexandro
548 229 743 278 futurus
762 267 772 283 ,
810 231 839 277 fi
857 229 1139 278 diuturnior
1165 231 1281 278 mihi
1304 232 1402 280 vita
1423 235 1716 299 contigisset.
1763 239 1910 287 Viros

72 301 204 351 enim
220 298 320 362 jam
336 299 623 346 domueram
640 332 651 348 ‚
688 296 996 362 &expeditio
1021 296 1179 344 adhuc
1201 298 1253 345 in
1271 297 1494 346 foeminas
1513 299 1764 365 supereat‚
1798 307 1910 354 Ale-

72 366 263 415 xandro
284 380 450 414 autem
471 364 614 413 victis
634 361 844 410 foeminis
859 399 869 414 ‚
906 363 1102 428 gravior
1115 381 1282 430 pugna
1303 381 1413 412 cum
1433 368 1673 431 tauropaeis
1688 382 1790 418 erat
1804 370 1911 419 sub-

72 431 252 482 eunda.
322 431 412 480 Sed
428 428 549 496 quid
580 432 764 478 multus
787 430 890 477 sum
916 447 967 477 in
997 429 1250 478 manifesta
1279 447 1328 479 re
1350 430 1754 489 demonstranda,
1776 435 1910 487 adest

70 498 150 546 hic
169 500 336 562 praesto
358 497 581 546 Tacitus.
683 497 771 543 Vir
792 495 916 544 adeo
940 495 1160 544 veritatis
1188 495 1431 563 stud-iosus
1453 532 1463 552 ,
1498 511 1553 547 ut
1579 516 1668 548 nec
1694 501 1906 551 hostium

68 565 274 612 virtutes
304 599 317 617 ‚
351 579 442 611 nec
464 563 650 612 civium
674 562 793 610 vitia
822 563 1029 612 tacuerit
1067 596 1078 617 ‚
1125 562 1256 610 hunc
1283 564 1529 625 justissime
1555 563 1709 628 judex
1728 567 1762 616 fi
1787 569 1910 617 meis

68 631 233 679 verbis
257 647 357 678 non
376 628 520 678 tidem
535 628 684 678 habes
699 663 711 681 ‚
725 627 895 677 audias
914 627 1232 679 vehementer
1250 631 1412 694 cupio.
1477 634 1732 698 Postquam
1746 633 1912 684 dicen-

72 696 122 744 di
141 697 285 745 finem
301 695 479 746 fecerat
501 695 779 749 Arminius,
807 695 975 744 Minos
997 695 1231 744 Tacitum
1255 695 1434 744 blande
1459 701 1808 763 compellatum
1831 701 1912 749 in-

71 762 410 826 dicarejusfit‚
431 760 553 826 quid
576 760 635 810 de
657 764 909 811 Germano
928 761 1273 816 sentiret‚&an
1294 762 1495 810 summis
1511 767 1908 833 compararipos-

71 828 128 878 fit
150 828 543 894 imperatoribus.
613 830 747 876 Tum
765 828 830 877 ita
855 828 991 876 orsus
1011 830 1094 877 est.
1129 829 1239 877 Scio
1264 827 1496 894 equidem
1520 847 1597 879 me
1615 836 1636 878 a
1658 832 1848 882 civibus
1867 840 1911 884 &

71 893 321 959 Scipione,
350 911 499 960 quern
522 895 805 960 praesentem
826 894 905 942 hic
927 892 1066 943 vides
1089 896 1297 960 gratiam
1316 912 1419 942 non
1439 896 1679 946 initurum
1700 931 1711 953 ,
1729 899 1763 947 fi
1782 899 1911 948 hosti

69 960 192 1026 quid
218 960 380 1009 laudis
402 961 614 1010 tribuam
639 996 650 1013 ,
686 961 885 1010 interim
907 977 1010 1009 non
1030 960 1218 1027 poll'um
1238 993 1251 1016 ,
1287 963 1547 1027 postquam
1568 963 1716 1012 semel
1741 981 1820 1014 me
1836 966 1912 1013 hi·

67 1027 301 1078 storicum
322 1027 426 1076 sum
445 1026 709 1093 profeffus,
744 1028 867 1094 quin
888 1027 986 1076 fine
1001 1028 1213 1093 gratia&
1237 1029 1382 1081 odio,
1412 1033 1702 1095 quaeprocul
1726 1030 1912 1089 habeO,

72 1094 250 1145 cuncta
278 1092 499 1143 referam.
849 1110 854 1112 ’

174 1164 254 1208 Ne
274 1175 438 1208 autem
458 1157 578 1225 quid
601 1157 778 1208 addam
804 1159 1121 1208 autminuam
1137 1175 1331 1209 mecum
1346 1160 1504 1211 habeo
1527 1165 1754 1219 annale5‚
1783 1181 1910 1230 quos

67 1225 250 1272 nonita
263 1224 453 1288 pridem
472 1225 750 1288 composui,
769 1240 828 1273 ex
851 1224 909 1272 iis
925 1259 937 1276 ‚
955 1224 989 1273 fi
1004 1241 1121 1288 pace
1136 1240 1309 1274 eorum
1325 1259 1337 1280 ‚
1369 1227 1453 1291 qui
1483 1230 1651 1295 praesto
1664 1228 1792 1285 sunt,
1807 1231 1913 1280 fieri

68 1290 251 1354 potest;
289 1304 394 1353 quae
406 1286 462 1336 fit
474 1296 516 1337 δ(
529 1286 678 1336 fuerit
691 1304 797 1338 mea
812 1289 1055 1337 sententia
1068 1323 1077 1340 ‚
1088 1291 1349 1353 praelegam
1361 1323 1372 1343 ‚
1383 1291 1433 1337 id
1447 1309 1559 1341 cum
1570 1295 1733 1343 Minoi
1744 1299 1914 1361 placu-

64 1353 170 1403 iss‘et
182 1354 312 1407 ‚haec
327 1353 474 1402 verba
488 1353 745 1403 recitabat:
778 1353 1046 1406 Arminius,
1059 1351 1435 1404 abscedentibus
1450 1359 1701 1413 Romanis,
1713 1367 1756 1409 ὃ(
1770 1363 1913 1426 pulso

64 1418 385 1468 Moroboduo
408 1451 422 1473 ,
461 1435 670 1485 regnum
694 1419 948 1471 adfectans
967 1453 980 1472 ‚
1019 1419 1297 1470 libertatem
1318 1423 1632 1489 popularium
1656 1424 1910 1478 adversam

64 1484 261 1535 habuit:
296 1485 581 1551 petitusque
601 1484 749 1533 armis
765 1520 775 1539 ‚
806 1501 917 1534 curn
939 1487 1072 1534 varia
1092 1486 1290 1534 fortuna
1305 1501 1533 1542 certaret,
1567 1488 1684 1539 dolo
1702 1493 1911 1559 propin.

64 1567 280 1614 quorum
293 1548 492 1599 cecidit:
527 1552 759 1601 liberator
781 1550 900 1601 haut
928 1550 1074 1601 dubie
1106 1553 1558 1619 Germaniae,&qui
1576 1572 1681 1604 non
1702 1559 1909 1625 primor-

65 1618 147 1668 dia
172 1617 342 1683 populi
357 1618 566 1666 Romani
580 1616 699 1667 ficut
721 1617 958 1682 aliireges
976 1617 1228 1683 ducesque
1249 1624 1263 1665 .’
1298 1618 1383 1668 sed
1399 1622 1798 1674 florentissimum
1819 1625 1909 1676 im-

64 1685 259 1752 perium
281 1682 542 1732 lacessierit
569 1699 580 1730 :
617 1684 794 1748 praeliis
817 1683 1081 1753 ambiguus
1107 1685 1237 1733 bello
1263 1701 1368 1733 non
1391 1686 1569 1737 vfflius.
1640 1692 1836 1755 Septem
1864 1700 1910 1745 ὃ(

68 1750 272 1818 triginta
286 1766 444 1798 annos
467 1748 577 1799 vitae
591 1783 602 1805 ,
626 1747 890 1799 duodecim
905 1749 1138 1815 potentiae
1153 1751 1395 1815 explevit:
1421 1753 1613 1802 canitur
1626 1754 1786 1806 adhuc
1799 1758 1909 1808 bar-

66 1817 206 1870 baras
230 1814 358 1883 apud
378 1829 552 1882 gentes
579 1851 590 1868 ,
632 1818 914 1865 Graecorum
936 1817 1198 1865 annalibus
1227 1816 1431 1884 ignotus
1454 1852 1468 1874 ‚
1502 1819 1588 1884 qui
1605 1820 1689 1871 sua
1709 1826 1905 1875 tantum

66 1884 307 1934 mirantur
329 1904 338 1931 :
374 1883 610 1931 Romanis
627 1882 748 1932 haut
771 1880 977 1948 perinde
996 1883 1201 1932 celebris
1220 1916 1233 1935 ,
1275 1881 1394 1933 dum
1416 1900 1582 1935 vetera
1595 1890 1906 1948 extollimus,

67 1951 337 2000 recentium
359 1948 618 1997 incuriofi.⁵
676 1949 768 1998 His
790 1947 972 1998 auditis
996 1948 1290 2003 Alexander,
1311 1950 1454 2014 cujus
1473 1953 1699 2019 alioquin
1724 1971 1906 2022 potens

64 2032 172 2066 non
193 2014 399 2069 erat‚ira
413 2014 656 2069 accensus,
671 2015 737 2064 ita
752 2015 1104 2065 exclamabant.
1169 2015 1262 2064 Sed
1280 2016 1636 2068 heusArmini!
1664 2039 1794 2073 anne
1806 2023 1905 2074 ser.

67 2083 182 2132 vilis
195 2094 284 2131 tuae
297 2079 602 2130 conditionis
622 2083 766 2146 plane
781 2098 833 2131 es
851 2081 1049 2132 oblitus.
1115 2086 1302 2132 Nonne
1316 2083 1446 2150 apud
1460 2089 1710 2136 Romanos
1722 2089 1903 2156 stipen-

66 2148 147 2199 dia
166 2147 382 2198 meruisti
396 2181 408 2204 ‚
440 2164 545 2213 quae
558 2150 626 2198 est
637 2164 693 2198 ea
711 2147 909 2198 tandem
924 2148 1174 2199 temeritas
1194 2182 1207 2204 ,
1244 2149 1380 2214 quod
1400 2164 1447 2201 te
1469 2151 1612 2218 supra
1630 2153 1810 2205 sortem
1832 2156 1902 2206 efi-

66 2216 193 2266 ferre
207 2215 394 2262 nitaris.
462 2218 569 2281 Ego
592 2215 745 2281 Regia
762 2218 870 2265 aula
884 2215 987 2264 sum
1010 2230 1178 2272 natuS,
1208 2216 1545 2283 educatusque
1567 2236 1659 2269 nec
1675 2238 1899 2288 unquam

66 2285 198 2330 ullus
211 2281 444 2346 imperata
457 2279 552 2329 feci
564 2314 576 2336 ‚
595 2281 677 2331 sed
688 2282 876 2348 semper
890 2282 998 2330 aliis
1012 2281 1142 2332 dedi.
1177 2285 1542 2350 Qemadmodum
1552 2290 1696 2340 multa,
1705 2290 1900 2336 brevitati

59 2349 226 2413 studens
238 2382 250 2401 ,
271 2366 320 2393 ex
335 2352 521 2396 Arminio
539 2354 711 2396 Hutteni
730 2352 858 2410 omisi,
877 2350 927 2396 Εἴ
934 2352 977 2395 in
987 2366 1033 2396 eo
1041 2353 1167 2396 multa
1179 2355 1338 2399 mutavi
1351 2371 1365 2407 ,-
1384 2355 1441 2398 ita
1450 2355 1623 2416 reliqua,
1632 2359 1898 2418 quaest’qvun-

69 2432 140 2463 tur
159 2416 208 2460 de
221 2431 308 2460 meo
327 2416 486 2462 addidi.
549 2417 755 2482 Jamque
783 2433 887 2465 non
901 2418 1035 2466 leves
1052 2417 1306 2466 Arminius
1322 2432 1615 2486 conceperat
1631 2420 1789 2486 ignes.
1833 2426 1896 2472 At

69 2481 236 2533 Minos
248 2480 413 2548 gloriae
425 2481 695 2534 Alexandri
719 2496 946 2535 metuens
961 2517 974 2541 ‚
1008 2480 1145 2548 quod
1165 2485 1446 2538 Germanus
1465 2484 1687 2551 gladium
1704 2486 1896 2539 striRu-

1016 2553 1064 2601 H
1097 2567 1121 2600 2
1812 2569 1896 2606 rus
