2113 2932
97 78 158 122 76
682 68 802 115 CAP.
815 69 859 111 V
855 70 882 110 J.
951 65 1180 126 Α’πυῇέωστς
1201 72 1396 117 Arminii.

103 154 355 215 ΗίὶείΠίὶς,
384 158 597 227 cupidus
625 159 817 226 praedae:
853 165 986 212 Mars
1006 165 1154 214 castra
1181 167 1522 235 relinquit‚(m)

106 224 263 290 Qod
281 226 406 275 nihil
421 224 708 292 impendere
728 226 1172 280 videtdiscriminis
1191 235 1333 282 ultra.

102 294 241 341 Illius
260 306 408 359 atque
421 295 532 342 loco
549 292 790 349 succedit,
825 296 957 345 veste
986 296 1271 348 Themistos
1289 304 1358 365 (n)

101 360 498 425 Justaepurpurefi
521 360 696 408 mulier
715 359 989 414 succincta:
1016 379 1245 413 voracem

101 425 304 473 Plurimi
322 426 573 474 avaritiam
594 424 835 479 dicebant.
898 428 1094 495 Lingva
1109 446 1359 481 venenum

99 491 387 555 spumabat:
421 505 529 542 toto
550 492 729 542 macies
750 493 802 542 in
823 510 1029 560 corpore
1053 497 1223 562 turpis,

101 561 309 623 Ungues
327 571 451 623 quot
465 558 690 608 manibus
705 594 719 612 ,
749 576 928 608 curvos
951 562 1298 615 tothabebat&
1311 563 1509 616 hamos:

101 624 286 672 Dextra
307 623 594 673 corradebat
609 640 749 691 opeS,
783 626 1002 693 laevaque
1022 628 1218 678 libellos

97 689 565 757 Anxiastringebatz
600 692 788 744 Lustus
807 694 1011 759 vestigia
1039 696 1204 744 euntis

99 758 268 820 Usque
289 756 604 822 sequebatur:
638 764 898 824 Paupertas
918 776 1008 809 nec
1031 765 1203 826 procul
1222 760 1341 813 inde

95 822 327 871 Vestibus
349 822 568 872 obscuris
591 824 770 874 aberat.
839 828 1106 876 Germania
1130 830 1350 879 monstro

93 888 296 938 Territa
313 888 802 953 conspefftofflmiam
822 892 1004 942 venisse
1022 894 1239 959 putabat,

95 953 174 1003 Ad
193 955 240 1004 se
252 955 545 1007 vexandam.
610 960 740 1006 Nam
761 957 953 1009 viderat
972 974 1116 1009 antea
1137 977 1410 1026 nunquam,

93 1025 220 1070 Tam
234 1022 420 1072 tristem
438 1021 614 1071 faciem
633 1039 646 1073 t
688 1023 854 1074 Plebes
865 1024 1145 1076 horrescere
1164 1027 1382 1092 primum

88 1084 213 1148 Ejus
229 1087 290 1136 ad
303 1087 532 1138 obtutum
547 1107 562 1147 ;
591 1105 822 1154 proceres
839 1108 955 1140 mox
971 1108 1185 1158 quaerere
1205 1094 1372 1152 moesti,

96 1153 206 1221 Q}
222 1154 321 1203 fine
340 1153 530 1216 jaftura
549 1157 737 1220 pellant
755 1155 1039 1224 damnoque
1059 1159 1229 1209 salutis

90 1223 219 1268 Tam
237 1220 320 1269 fibi
334 1220 534 1270 feralem
551 1224 750 1286 pestem.
816 1226 1109 1273 stimulante
1128 1225 1310 1280 furore,

94 1285 319 1351 Qdam
340 1286 468 1334 bella
487 1300 688 1350 petunt:
728 1289 977 1334 Nonnulli
998 1289 1184 1351 praelia:
1208 1292 1369 1338 Plures

91 1351 284 1400 Fraude
307 1364 484 1416 putant
498 1352 667 1406 tacita,
704 1368 795 1401 nec
817 1355 973 1402 multo
990 1354 1230 1419 sangvine
1252 1354 1386 1421 polse

90 1420 202 1466 Hoc
222 1417 370 1467 fatale
389 1419 572 1465 malum
596 1416 777 1482 depelli
796 1418 994 1467 finibus:
1027 1425 1182 1468 Immo

84 1483 284 1532 Penitus
298 1483 540 1549 extingui.
608 1486 730 1532 Mox
745 1486 833 1533 stat
843 1480 1086 1535 sententia
1097 1486 1254 1540 firma,

86 1547 322 1614 Undique
335 1564 661 1605 concurrunt,
677 1549 820 1599 sudes
845 1564 1149 1617 truncosque
1172 1551 1412 1604 ferentest

86 1617 211 1664 Mox
228 1631 287 1664 ex
301 1614 488 1664 insidiis
502 1630 857 1683 prorumpunt,
884 1619 1089 1667 vulnere
1114 1617 1298 1669 laedunt
1313 1653 1328 1672 ‚

86 1685 482 1748 Sternuntatque
504 1682 696 1748 fugant.
763 1684 942 1748 Qualis
956 1684 1113 1734 Diana
1137 1684 1418 1750 chorusque

88 1748 449 1814 Nympharum,
467 1747 668 1814 quando
690 1749 797 1798 alba
819 1749 925 1799 dies
947 1750 1202 1800 hebetavit
1214 1753 1436 1818 Olympo

87 1813 369 1881 Sidera‚per
383 1814 523 1863 silvas
537 1830 708 1864 cervos
727 1814 937 1866 seciatur
951 1850 962 1872 ‚
999 1824 1041 1867 ὅ(
1063 1833 1179 1865 arcu

89 1886 237 1949 Qos
258 1880 408 1930 modo
425 1897 620 1946 cunque
633 1880 845 1944 ferit(nil
858 1882 992 1931 illam
1004 1882 1172 1932 fallere
1190 1880 1389 1946 dicunt)

85 1946 330 1998 Confodit
348 1954 390 1998 ὅ(
411 1948 603 1997 sternit:
634 1949 771 1998 Talis
791 1949 1062 1999 Germania
1081 1948 1282 1998 tandem

85 2014 250 2062 Saeviit
267 2013 655 2079 implacabiliter.
718 2015 1026 2073 (Miserabile
1041 2014 1178 2067 diciu
1200 2018 1306 2076 est.)

85 2083 207 2129 Non
219 2080 398 2146 aquilis
419 2080 562 2145 parsit
582 2113 595 2136 ‚
631 2097 735 2146 quae
759 2082 996 2130 Numinis
1016 2082 1164 2131 instar
1184 2081 1428 2133 habentur

85 2147 294 2198 Cunctis
311 2150 334 2194 a
350 2147 565 2212 populis:
600 2148 726 2195 Binae
747 2148 937 2213 periisse
955 2148 1278 2211 feruntur:(o)

88 2213 263 2262 Tertia
281 2213 501 2262 sublimis
521 2212 782 2263 contendit
805 2214 865 2263 ad
889 2217 1010 2265 astra
1031 2217 1227 2271 volatu,

85 2282 250 2344 Atque
269 2280 374 2338 Jovi
397 2278 654 2328 cladistam
683 2279 816 2330 foedae
839 2282 1022 2330 nuncia
1048 2283 1198 2334 venit.

85 2344 208 2392 Coeli
227 2361 329 2408 quae
345 2345 514 2401 facieS,
546 2345 773 2412 superum
794 2352 938 2414 quam
962 2348 1109 2398 tristis
1129 2350 1294 2414 imago
1307 2352 1388 2414 (p)

86 2415 219 2459 Tum
233 2411 402 2463 fuerit,
433 2426 748 2479 quantusque
765 2412 878 2463 illos
899 2414 1133 2465 invaserit
1154 2415 1328 2464 horror

80 2477 220 2527 Musa
243 2477 422 2528 referre
448 2492 594 2529 vetat.
660 2480 849 2533 Luctus
873 2480 969 2532 haec
992 2480 1125 2549 figna
1147 2482 1308 2533 fueret

1767 2560 1817 2607 N
1820 2557 1923 2624 igr}
