2113 2932
128 72 195 132 46
777 62 894 103 CAP.
922 62 971 102 V.
1035 62 1098 102 De
1114 56 1340 116 Schia'inga.

132 166 277 220 famia
290 162 470 214 abolita
487 195 498 214 ‚
523 157 795 226 quiesceret
833 152 926 203 Sed
949 152 1070 203 νὶξὶῐ.
1087 159 1128 202 ὅ(
1152 151 1562 206 fraffi,1imitibus
1582 153 1873 208 constitutis,
1897 171 1967 202 ar·-

128 253 209 284 ma
230 230 578 297 deposuerunt.
641 229 771 272 Nam
793 220 893 269 fere
907 219 983 267 his
1010 218 1182 266 similia
1202 218 1537 268 Witichindus
1558 227 1600 268 ὃ(
1623 222 1859 267 Cranzius
1882 220 1963 267 ha-

128 302 247 352 bent
261 299 313 346 in
330 297 474 346 bello,
487 289 621 360 quod
640 288 812 338 Franci
838 302 949 334 cum
969 283 1239 350 'shuringis
1254 285 1428 350 geffiffe
1446 284 1695 334 dicuflmr,
1733 283 1964 334 Tradunt

130 368 264 418 enim
281 369 357 413 IX.
370 363 524 409 millia
536 363 784 406 Saxonum
805 366 974 401 contra
990 351 1282 416 Thuringos
1295 350 1474 399 veniffe
1490 351 1740 400 :Tradunt
1754 369 1837 400 eos
1857 369 1963 417 gra-

131 435 258 481 viter
278 430 368 478 effe
387 427 623 477 affliffws:
660 419 891 470 Tradunt
915 417 1116 467 tandem
1137 416 1379 465 seniorem
1400 416 1488 465 usu
1514 418 1723 484 peritum
1747 425 1790 466 &r
1815 433 1965 465 manu

130 503 383 549 strenuum
398 529 410 547 ‚
431 491 657 540 oratione
671 486 860 536 habita,
880 489 923 532 ὃς
940 483 1068 556 fugae·
1086 481 1395 547 turpitudine
1416 486 1732 548 exaggerata,
1755 501 1813 532 eo
1837 501 1967 531 com·

131 564 303 632 pulifl'e
323 578 407 609 eos
420 595 432 611 ‚
453 575 511 606 ur
527 551 881 605 devoverintse
897 584 908 606 ‚
928 547 1271 600 autvmcendo
1291 548 1500 609 injurias
1513 549 1790 604 ulcisci‚aut
1808 550 1965 598 hone-

127 636 196 681 sta
214 642 370 678 morte
392 637 645 691 oppetere.
663 624 775 668 Haec
794 618 1049 668 hanenus.
1085 618 1191 677 Jam
1207 613 1268 663 ad
1279 615 1625 681 Scheidingam
1645 615 1810 665 redeo.
1851 622 1962 666 Duo

129 697 228 747 loci
251 693 465 744 sunthoc
487 692 691 739 nomine
706 685 946 750 insignem
985 685 1125 729 Unus
1144 684 1270 730 ultra
1291 683 1497 729 fiuvium
1524 683 1638 729 fitus
1655 684 1740 733 est,
1763 689 1805 731 ὅ(
1827 682 1965 743 ffiurg

135 759 602 823 &eberbingenvulgo
615 753 821 802 dicitur:
840 752 969 798 Alter
984 749 1436 810 fiir-ctmzcbciningen
1452 751 1504 796 in
1518 748 1744 797 citeriore
1767 749 1872 813 ripa
1893 747 1969 795 vi-

134 829 479 889 fitur‚uterque
501 823 559 872 ab
575 820 716 874 ostio,
734 834 833 885 quo
846 817 1078 865 Unstruta
1098 816 1151 862 in
1168 816 1324 863 Salam
1341 815 1386 863 se
1408 828 1644 863 exonerat
1656 814 1849 863 circiter
1869 812 1969 862 duo

133 897 290 945 millia
313 892 532 958 passuum
554 888 701 937 abest.

239 963 495 1023 Postquam
515 954 666 1021 igitur
689 950 835 999 urbes
856 982 869 1002 ‚
897 963 1055 999 arces,
1072 949 1248 996 fluvios
1270 943 1512 1013 expendi,
1534 953 1574 995 8(
1594 945 1733 995 fimul
1753 944 1968 1000 ostendi,

132 1027 256 1093 quid
275 1026 424 1075 etiam
447 1022 507 1071 de
528 1027 826 1068 Francorum
855 1014 1202 1063 Monumentis
1219 1013 1272 1061 in
1289 1012 1566 1077 ‘ihuringia
1593 1013 1824 1066 sentiam,
1869 1028 1967 1060 cre-

131 1093 310 1156 dojam
329 1092 380 1139 in
392 1089 654 1156 propatulo
676 1082 795 1136 effe,
831 1085 1059 1147 Regnum
1074 1080 1364 1145 Thuringiae
1386 1081 1556 1126 nostrae
1568 1083 1966 1126 amesvevomm

130 1160 402 1211 adventurn
422 1155 512 1205 effe
525 1154 716 1205 fifimm,
749 1164 840 1199 nec
852 1152 1063 1195 Francos
1076 1146 1285 1210 potuiffe
1309 1147 1361 1193 in
1377 1144 1661 1209 'shuringia
1682 1147 1842 1193 nostra
1867 1145 1965 1194 bel.

130 1231 234 1276 lum
250 1239 436 1291 gerere.
530 1226 691 1268 Meam
711 1228 876 1264 autern
893 1212 1187 1262 sententiam
1202 1211 1393 1259 nemini
1414 1211 1674 1259 obtrudarn
1695 1229 1706 1267 ;
1744 1210 1834 1257 Sed
1857 1226 1964 1259 eam

130 1291 342 1342 historiae
361 1290 487 1339 bene
501 1285 773 1352 peritorum
786 1313 800 1334 ‚
822 1287 880 1333 ὃς,
893 1278 1073 1343 quibus
1091 1275 1295 1325 facultas
1314 1279 1382 1324 est
1395 1311 1406 1327 ,
1427 1277 1555 1324 recte*
1571 1274 1845 1336 judicandi,
1859 1290 1969 1322 cen-

131 1361 250 1409 surae
268 1355 547 1405 submittam
565 1385 578 1403 ‚
610 1345 852 1414 praefatus,
870 1359 948 1392 me
967 1341 1032 1390 ad
1055 1342 1278 1396 certiora,
1302 1348 1345 1391 &
1358 1339 1588 1389 discenda
1604 1375 1616 1393 ‚
1636 1347 1678 1390 ὃ(
1699 1338 1971 1395 audienda,

129 1425 223 1476 effe
244 1420 599 1489 paratissimum.
665 1412 865 1460 lnterim
879 1409 1159 1458 velimscias
1187 1442 1200 1460 ,
1236 1423 1315 1457 me
1338 1424 1444 1456 non
1465 1405 1587 1454 ade&
1608 1406 1754 1471 patrii
1776 1404 1969 1455 decoris

129 1491 224 1542 esse
244 1489 528 1539 inimicum,
562 1493 618 1530 ut
636 1494 844 1544 regnum
865 1483 909 1526 &
924 1476 1109 1541 sceptra
1130 1474 1176 1522 ei
1196 1472 1433 1539 derogata
1455 1472 1623 1522 velim.
1703 1471 1848 1538 Qin
1867 1473 1971 1520 imd

129 1557 181 1607 id
196 1553 487 1605 certioribus
499 1544 805 1614 argumentis
828 1542 1047 1608 probabo
1059 1575 1069 1595 ,
1085 1537 1221 1588 ita'ut
1233 1539 1436 1588 cuilibet
1449 1553 1612 1601 pateat
1627 1539 1830 1603 Regiam
1845 1538 1971 1586 Che-

130 1623 382 1673 ruscorum
401 1616 589 1669 sedem,
622 1612 708 1678 qui
728 1615 975 1656 Romanas
990 1606 1292 1656 attriverunt
1319 1605 1469 1658 vires,
1488 1603 1650 1654 media
1670 1603 1725 1653 in
1747 1604 1972 1654 Thurin-

133 1690 215 1758 gia
233 1687 392 1738 adhuc
411 1684 632 1735 existere,
648 1674 786 1744 quod
805 1673 934 1723 infra
949 1673 1147 1739 pienius
1166 1688 1427 1737 exponam.

854 1788 1021 1854 CAP.
1124 1787 1231 1855 VI.

555 1897 862 1993 Quadam
891 1892 1088 1966 dubia
1109 1889 1535 1989 resolvuntur.

139 2025 254 2066 Prima
264 2024 358 2061 Beati
371 2018 524 2056 Rhenum·
531 2015 621 2118 ᾅσας
641 2018 861 2052 examinatur
875 2028 886 2052 :
916 2010 1044 2049 Deinde
1059 2008 1229 2061 refiaetatur
1241 2018 1481 2059 argumentum
1491 2031 1504 2052 ,
1527 2005 1622 2057 quod
1629 2006 1828 2056 Sagittarius
1840 2018 1882 2044 ex
1892 2010 1977 2045 For-

341 2081 462 2110 tunato
475 2080 537 2118 pro
556 2077 618 2104 ert.

139 2151 560 2331 ANtequam
574 2137 840 2189 adtertiam
864 2150 1049 2202 partem
1073 2133 1289 2186 transeo,
1311 2130 1531 2199 quaedam
1551 2127 1722 2185 dubia,
1748 2132 1974 2196 quamvis

343 2212 760 2262 festinantem‚me
779 2215 1218 2264 remorantur‚quae
1230 2206 1405 2248 Beatus
1433 2197 1701 2245 Rhenanus
1715 2197 1766 2244 in
1781 2199 1973 2247 Institu-

343 2277 564 2327 tionibus
579 2280 759 2321 Rerum
770 2269 1178 2320 Germanicarum
1195 2280 1380 2316 movet,
1403 2266 1523 2316 dum,
1543 2265 1766 2325 bonapars,
1790 2264 1970 2328 inquit,

144 2350 432 2407 Cheruscorum
441 2362 531 2389 cum
541 2344 609 2389 Alc
617 2344 774 2385 mannis
783 2337 998 2397 disccffirat
1009 2368 1020 2388 ‚
1038 2340 1179 2397 itaque
1188 2338 1229 2379 in
1240 2335 1386 2378 horum
1392 2332 1507 2391 sedes
1526 2333 1682 2392 Toringi
1698 2332 1747 2376 65
1758 2334 1882 2388 Mr'firi
1890 2335 1967 2377 im-

143 2421 366 2478 migrarunt
382 2442 394 2465 ,
417 2412 557 2471 populi
559 2405 885 2469 septentrionalis
907 2404 1007 2447 illius
1020 2404 1253 2446 Germaniae.
1319 2399 1423 2445 Sane·
1450 2400 1709 2458 Toringorum
1731 2398 1971 2456 Apollinaris

143 2483 328 2529 meminit
340 2482 447 2525 inter
450 2489 591 2540 gentes
607 2508 618 2526 ‚
640 2473 824 2536 quaesunt
836 2471 1010 2520 Attilam
1013 2470 1151 2530 fi’cutae
1161 2500 1177 2521 ‚
1209 2467 1397 2514 Chunnus
1411 2497 1424 2520 ,
1441 2464 1663 2510 Bellonotus
1677 2497 1689 2516 ,
1705 2469 1879 2513 Neurus,
1891 2469 1972 2507 Ba-

1801 2532 1965 2590 starna,
