2113 2932
108 63 164 126 56
574 51 693 96 CAP.
704 43 761 94 II.
824 43 1203 105 Arminii-Historia
1219 42 1261 86 in
1278 40 1508 89 Schemate.

122 127 482 145 ..,-..-.....-..-
1044 125 1058 128 ..
1077 125 1095 129 ,
1111 122 1188 129 Ἣ,

114 152 455 210 Vulnerelaesa
480 147 646 218 gravi,
681 146 728 195 se
740 145 904 196 bellua
929 159 1065 192 more
1084 140 1263 191 ferocis

117 225 293 277 Versat
315 220 437 287 apri,
454 232 603 286 quern
626 213 768 264 turba
790 227 971 260 canum
992 208 1298 258 circumsona
1319 218 1480 258 terret.

115 296 202 343 nle
216 288 389 340 avidos
401 283 589 335 morsus
610 279 861 331 velocibus
882 276 1057 343 effugit
1077 275 1189 326 alis?

123 365 345 423 Qoque
369 364 538 422 patent
551 363 682 397 nunc
697 360 858 413 terga,
891 344 1024 392 cavis
1041 341 1184 408 super
1208 341 1358 392 obfita
1379 340 1605 394 conchis:

123 431 274 477 Nunc
297 424 505 470 laterum
528 416 851 468 costas-»mune
870 412 964 476 qua
989 410 1259 459 tenuiffima
1279 407 1438 458 cauda

121 490 312 543 Desinit
336 487 390 536 in
410 484 613 551 piscem,
643 478 821 528 falcato
843 478 1070 525 vulnerat
1095 475 1224 525 ense.

118 560 286 608 Bellua
299 555 512 621 puniceo
536 548 702 597 mistos
715 560 826 594 cum
838 542 1076 610 sangvine
1094 542 1272 594 fluE'tus

122 629 226 674 Ore
243 620 423 671 vomit,
437 613 668 665 maduere
681 625 855 679 graves
877 608 1132 675 aspergine
1150 623 1322 675 pennae
1335 611 1442 672 :(18)

124 696 232 742 Nec
254 686 435 737 bibulis
456 685 578 732 ultra
598 679 791 729 Perseus
821 675 1055 726 talaribus
1079 676 1223 725 ausus

124 754 358 808 Credere,
371 747 624 815 conspexit
638 746 881 811 scopu108‚
896 759 1023 809 quos
1044 754 1266 808 occupat,
1277 741 1376 791 inis

125 824 333 872 Innixus
346 853 358 875 ‚
392 818 628 884 rupisque
647 825 823 862 tenens
835 808 956 876 juga
976 807 1134 876 prima
1153 809 1360 862 finistrae,

128 892 234 940 Ter
252 899 422 953 quater
447 881 614 948 exegit
634 878 839 945 repetita
855 892 941 942 per
958 875 1042 924 ilia
1061 874 1261 927 ferrum.

129 958 222 1020 (19)
236 955 427 1003 Littora
449 966 558 999 cum
577 946 747 1013 plausu
767 947 965 997 clamor,
982 941 1279 1008 superasque
1293 947 1510 992 Deorum

123 1019 393 1088 Implevere
419 1016 609 1066 domos,
677 1009 926 1064 Gaudent,
938 1024 1276 1076 generumque
1291 1008 1518 1067 salutant,

124 1087 481 1148 Auxiliumque
498 1080 675 1129 domus
692 1078 1085 1144 servatoremque
1109 1074 1341 1131 fatentur,

123 1153 354 1218 Cassiope
383 1148 712 1214 Cepheusque
742 1157 893 1210 pater.
957 1142 1187 1191 Resoluta
1207 1141 1394 1191 catenis

124 1228 319 1283 incedit
337 1230 479 1296 virgo
504 1234 604 1294 (ιο)
643 1220 1042 1307 pretiumque
1064 1214 1135 1280 δε
1163 1213 1344 1282 causa
1368 1209 1619 1284 laboris.

126 1313 315 1362 Primus
335 1314 389 1360 in
408 1313 580 1370 his(21)
597 1312 808 1357 Phineus
826 1307 943 1356 belli
960 1306 1251 1354 temerarius
1273 1317 1417 1356 autor
1432 1339 1448 1363 ,

124 1379 418 1428 Fraxinearn
432 1375 661 1441 quatiens
682 1387 834 1424 aeratae
859 1368 1073 1435 cuspidis
1101 1370 1286 1420 hastam
1300 1388 1315 1430 ;

125 1448 220 1502 En,
234 1445 318 1500 ait,
329 1461 393 1493 en
406 1443 574 1492 adsum
586 1453 830 1507 praereptae
845 1436 1077 1503 conjugis
1089 1439 1244 1487 ultor:

123 1515 236 1562 Nec
254 1511 378 1560 mihi
397 1523 445 1559 te
457 1525 630 1576 pennae
650 1526 664 1565 ;
699 1505 790 1556 n'ec
808 1504 981 1554 falsum
994 1503 1160 1552 versus
1179 1504 1232 1552 in
1244 1518 1417 1554 aurum
1433 1538 1450 1559 ‚

119 1577 349 1645 Juppiter
365 1576 554 1642 eripiet.
624 1572 843 1623 Conanti
859 1571 1054 1622 mittere
1072 1573 1163 1630 (22)
1177 1569 1422 1634 Cepheus,

127 1643 271 1710 Qid
290 1646 528 1694 exclamat
542 1646 565 1692 ’Ξ
601 1657 706 1706 quae
728 1654 776 1690 te
794 1642 881 1699 (23)
906 1637 1158 1687 Germane
1178 1633 1443 1691 furentem,

125 1714 272 1760 Mens
291 1710 393 1777 agit
413 1711 468 1756 in
489 1707 712 1757 facinus?
747 1704 934 1754 meritis
948 1717 1012 1752 ne
1025 1702 1122 1749 haec
1135 1701 1292 1766 gratia
1312 1703 1463 1751 tantis

126 1776 396 1826 Redditur?
429 1775 518 1822 hac
538 1773 692 1821 vitam
708 1771 948 1821 servatam
971 1766 1087 1816 dore
1108 1765 1373 1834 rependis?

131 1847 301 1908 Qam
320 1841 410 1890 tibi
424 1857 528 1888 non
549 1838 940 1891 Perseus,x·erum
958 1833 990 1881 fi
1008 1831 1396 1896 quae.ris‚ademir

131 1907 228 1959 Sed
240 1923 391 1974 grave
411 1904 686 1955 Nereidum
708 1909 937 1953 Numen:
954 1899 1037 1948 sed
1052 1900 1295 1966 Corniger
1310 1902 1548 1953 Ammon:

127 1974 224 2024 Sed
237 1990 342 2040 quae
359 1971 624 2022 visceribus
650 1969 880 2021 veniebat
896 1967 1060 2016 bellua
1081 1967 1219 2015 Ponti
1231 1999 1245 2022 ,

129 2038 470 2092 Exsaturanda
499 2037 637 2090 meis.
704 2040 802 2100 (24)
824 2037 912 2084 1110
934 2032 1025 2082 tibi
1052 2047 1276 2101 tempore
1297 2046 1435 2103 rapta
1453 2035 1539 2092 est,

1235 2177 1569 2192 --——-—-—--

956 2202 1123 2254 Notae.

1845 2106 1967 2167 Quo

137 2280 248 2331 (18)
262 2280 378 2320 νεὼς
391 2279 553 2318 Arminii,
580 2277 667 2325 (19)
692 2275 891 2325 Epinicium
903 2278 1177 2313 Germanorum.
1208 2274 1245 2320 (2
1255 2272 1295 2324 ο)
1312 2270 1469 2312 Liber-tas
1482 2268 1684 2312 enim‘causa
1697 2273 1863 2310 Arminio
1873 2272 1979 2312 iabo-

238 2333 286 2370 ris
299 2332 409 2371 fuerat
422 2356 434 2374 ,
457 2334 494 2368 &
506 2330 705 2380 praemium.
723 2330 770 2376 (z
784 2330 822 2374 ι)
854 2325 1005 2378 Segestes
1028 2325 1082 2361 seu
1107 2325 1349 2361 Maroboduus
1360 2350 1372 2368 ,
1397 2326 1518 2376 gloriae
1530 2326 1686 2363 Arminii
1696 2325 1868 2362 invidens.
1885 2332 1928 2371 (2
1939 2326 1978 2373 2)

237 2383 404 2432 Cepheus
415 2384 436 2418 i.
451 2395 479 2420 e.
493 2385 653 2420 Proceres
663 2380 875 2417 Germaniae.
901 2385 938 2426 (z
950 2381 989 2425 3)
1012 2374 1231 2426 Exprobrant
1246 2378 1463 2414 Germanum
1473 2379 1545 2414 tam
1560 2377 1728 2415 stolidum
1740 2372 1823 2421 effe,
1851 2389 1887 2414 ut
1899 2390 1974 2414 ma-

237 2435 279 2472 lit
293 2435 487 2471 libertatem
507 2436 580 2477 ejus
593 2444 783 2483 peremtam
802 2456 810 2471 .
835 2443 942 2481 quem
966 2430 1003 2465 in
1027 2427 1207 2472 thalamo,
1220 2426 1276 2463 seu
1290 2429 1444 2465 Arminii
1462 2430 1610 2467 vindicis
1625 2429 1701 2467 aula
1715 2428 1840 2465 videre.
1870 2431 1971 2476 (24.)

233 2487 271 2525 Si
286 2485 372 2523 tanti
392 2483 584 2523 aestimabas
603 2484 800 2524 Germania
822 2483 1039 2526 libertatem,
1064 2491 1125 2517 cur
1143 2492 1218 2519 non
1229 2477 1304 2520 ibas
1321 2479 1511 2520 vidicatum
1524 2509 1534 2525 ,
1562 2480 1690 2520 cumin
1705 2481 1869 2519 maximo
1887 2491 1966 2521 ver·

229 2538 355 2578 caretur
381 2536 551 2588 periculo.
