2113 2932
137 101 163 154 ς
164 106 197 152 4
617 80 736 125 CAP.
753 79 811 122 11.
874 76 1056 122 Arminii
1071 77 1250 137 Historia
1267 78 1311 122 in
1319 79 1540 133 Schemate.

1246 154 1969 181 ——ss--U—-n

143 165 167 174 ν

135 203 506 389 Ινῐῐῃετῑτειῑτι
526 242 778 315 quondam
796 246 855 307 (ι)
870 256 1098 294 maternae
1120 240 1338 309 pendere
1357 243 1537 310 lingvae

225 314 664 387 (2)Andromedam
681 329 847 380 poenas
865 313 926 373 (3)
946 309 1158 373 injustus
1178 308 1375 371 jufferat
1388 314 1616 363 Ammon.

134 397 304 459 Qun
324 388 463 438 simul
488 383 547 432 ad
575 380 721 429 duras
740 379 997 443 religatam
1026 375 1220 425 brachia
1245 391 1410 425 cautes

134 458 278 512 Vidit
296 461 369 518 (ῳ)
392 446 691 503 Abantiades
721 479 733 501 ‚
768 445 856 493 nili
877 440 1012 511 quod
1033 442 1157 492 levis
1176 458 1289 490 aura
1308 442 1513 509 capillos

131 527 377 575 Moverat,
396 514 623 581 &lepido
647 512 912 560 manabant
929 509 1116 558 lumina
1138 513 1196 568 (5)
1213 512 1332 558 fletu

127 598 194 654 (6)
212 597 541 639 Marmoreum
561 594 695 630 ratus
715 578 829 627 esset
850 579 1050 643 opus(7)
1066 575 1213 624 trahit
1232 575 1414 626 inscius
1433 576 1601 644 igneS‚

128 663 192 709 Et
209 659 400 722 stupet,
434 657 477 701 ὅ(
498 648 606 697 visae
625 660 878 711 correptus
899 644 1116 709 imagine
1134 641 1322 696 format.

131 725 255 774 Penes
287 723 395 770 suas
417 730 619 783 quatere
634 715 702 763 est
720 712 904 762 oblitus
925 711 977 760 in
997 725 1108 759 aere
1124 724 1330 775 pennas.

126 789 360 841 Utstetit,
394 802 424 834 o
442 782 567 832 dixit
588 797 693 829 non
712 779 813 828 istis
837 776 1064 844 dignam)
1085 775 1295 830 catenis;

128 855 225 908 Sed
244 854 423 921 quibus
445 851 572 899 inter
591 846 638 897 se
655 844 823 913 cupidi
840 843 1121 911 junguntur
1142 854 1389 893 amantest

128 922 290 974 Pande
311 915 584 984 requirenti
610 928 792 962 nomen
818 925 1051 976 terraeque
1073 922 1342 974 tuumque:

126 995 288 1042 Etcur
300 986 460 1035 vincla
482 997 635 1048 geras.
705 979 862 1027 Primo
881 977 984 1026 filet
1002 977 1211 1031 illa,nec
1235 973 1386 1024 audet

121 1057 382 1123 Appellare
407 1050 567 1098 virum
581 1047 741 1113 virgo,
756 1045 1082 1108 manibusque
1104 1039 1351 1090 modestos

124 1120 331 1173 Celaffet
351 1118 520 1167 vultus
536 1133 549 1173 3
585 1113 619 1162 fi
634 1129 737 1162 non
759 1111 964 1184 religata
979 1107 1153 1157 fuisset.

118 1188 354 1241 Lumina,
367 1181 503 1252 quod
521 1180 701 1250 potuit,
720 1181 951 1242 lacrymis
968 1173 1197 1242 implevit
1212 1172 1417 1224 obortis,

1811 1243 1956 1308 Saepi.

118 1335 457 1351 ——-——-
467 1319 1590 1341 ffl————

122 1455 203 1505 (ι)
220 1448 349 1486 Avitae.
375 1443 496 1483 Strabo
509 1441 690 1480 Libnvrt.
703 1440 807 1478 tradit
818 1438 933 1476 Celtas
947 1435 1003 1474 seu
1027 1439 1222 1473 Germanos
1235 1433 1281 1472 ad
1295 1434 1530 1472 Alexandrum
1540 1433 1667 1473 venisse
1711 1439 1833 1482 (Nam
1845 1438 1938 1477 olim

219 1513 345 1538 omnes
368 1497 493 1548 populi
507 1495 618 1532 versus
633 1494 758 1544 septem
776 1492 906 1528 triones
921 1489 1118 1526 habizanres
1131 1515 1141 1530 ,
1172 1499 1247 1523 uno
1267 1487 1410 1523 nomint·
1427 1487 1538 1524 Celtae
1563 1488 1776 1525 vocabantur
1793 1491 1804 1532 )
1826 1491 1952 1527 amici-

216 1553 302 1589 tiam
320 1562 402 1588 cum
417 1548 664 1591 coiunsturos.
727 1549 803 1582 Hos
824 1556 906 1578 cum
922 1540 1108 1576 clementer
1128 1535 1326 1588 excepisset.
1352 1538 1578 1590 interrogavit
1608 1540 1696 1588 quid
1728 1540 1949 1588 potissumum

215 1604 388 1643 timerent,
409 1612 538 1649 eosque
550 1593 772 1647 respondisse,
783 1595 831 1631 nil
848 1591 975 1635 nisime
988 1592 1137 1640 quando
1153 1589 1334 1625 coelumin
1349 1589 1379 1625 se
1398 1600 1521 1625 rueret.
1548 1593 1609 1634 (2)
1634 1590 1954 1642 virorumimpera-

215 1656 299 1691 trix.
354 1651 530 1690 Discendit
540 1651 636 1686 enim
647 1647 689 1684 ab
700 1646 782 1693 αἰκὲς
804 1647 856 1682 vir
878 1642 1017 1691 δεμὲἒω
1035 1642 1173 1693 impero
1190 1666 1202 1684 ‚
1232 1641 1429 1689 diciturque
1453 1641 1680 1679 Andromeda
1701 1641 1796 1691 quasi
1819 1642 1942 1682 02150471

215 1706 314 1756 μέὸχ.
371 1707 430 1740 Per
440 1703 528 1738 hanc
539 1713 657 1738 autem
676 1699 882 1748 intelligitur
906 1695 1114 1733 Germania.
1145 1692 1199 1729 seu
1219 1693 1337 1742 potius
1351 1692 1490 1728 libertas
1519 1693 1727 1730 Germaniae.
1767 1699 1831 1741 (3)
1859 1679 1947 1733 Ideo

214 1757 375 1806 juppiter
398 1756 454 1792 seu
470 1755 633 1790 Ammon
658 1749 803 1789 iniustus
820 1748 964 1785 dicitur.
993 1744 1091 1795 quod
1112 1744 1295 1780 Celtarum
1316 1755 1443 1780 vocem
1461 1741 1589 1782 sinistre
1614 1757 1799 1795 acceperat.
1853 1750 1949 1786 Nam

214 1810 366 1846 haerebat
379 1806 492 1843 adhuc
504 1804 630 1840 recenti
641 1801 827 1843 memoria,
838 1798 994 1835 filiorum
1012 1807 1110 1832 terra:
1123 1793 1255 1832 facinus
1268 1821 1278 1836 ,
1304 1806 1381 1843 quo
1392 1795 1525 1831 coelum
1536 1795 1702 1848 aggredi,
1729 1796 1827 1848 seque
1846 1801 1880 1834 δ(
1892 1811 1947 1835 re-

210 1861 329 1910 liquos
345 1861 439 1894 Deos
463 1870 501 1893 ex
515 1868 558 1892 eo
567 1855 747 1891 deturbare
764 1852 835 1888 ausi
845 1849 995 1886 fuerant:
1029 1850 1071 1884 Et
1083 1857 1256 1895 quantum
1271 1846 1416 1895 periculi
1429 1847 1573 1884 adierint
1589 1871 1600 1889 ‚
1619 1859 1866 1900 quantumque
1884 1851 1945 1888 de-

208 1907 696 1950 decorisindecontraxerint.
723 1904 795 1941 vid.
811 1900 1047 1950 metamorph.
1075 1898 1133 1934 lib.
1151 1901 1193 1935 V.
1221 1897 1291 1934 sab.
1305 1910 1344 1942 4.
1398 1897 1473 1935 Ubi
1491 1898 1643 1936 Ovidius
1665 1898 1766 1935 refert
1784 1928 1793 1941 ‚
1817 1913 1944 1940 ornnes

209 1966 311 2001 Deos
329 1961 461 2000 formas
476 1956 707 2001 mutassemeh
722 1954 934 2006 Gigantibus
951 1949 1236 2002 agnoscerentur,
1260 1952 1295 1985 δ(
1320 1949 1492 1996 imprimis
1509 1952 1634 1998 Jovem
1657 1951 1770 1987 arietis
1795 1949 1943 1990 induisse

206 2012 359 2053 formam
371 2039 383 2057 ,
396 2013 489 2050 unde
501 2012 594 2047 canit
608 2012 721 2046 Poeta.
776 2010 880 2045 Nunc
892 2015 1037 2055 quoque
1048 2002 1221 2039 formatus
1233 1999 1338 2049 Lybis
1348 1999 1394 2037 est
1403 2013 1484 2038 cum
1500 2001 1663 2038 cornibus
1676 2004 1856 2040 Ammon:
1877 2007 1939 2041 Per

207 2076 432 2106 contemtum
444 2064 550 2114 igitur
572 2063 627 2099 hic
641 2060 735 2098 Naso
751 2071 831 2096 eum
844 2067 948 2094 vocat
963 2061 1179 2090 Ammonem
1195 2080 1204 2095 ‚
1226 2051 1319 2101 fugae
1335 2055 1370 2089 ὅ(
1393 2065 1508 2089 metus
1524 2053 1777 2101 turpitudinem
1796 2055 1943 2105 oblique

205 2121 517 2170 improperaturus.
546 2114 626 2161 (4)
657 2114 680 2151 i.
702 2126 731 2149 e.
760 2109 944 2148 Arminius
961 2132 970 2148 ‚
997 2105 1192 2143 siGraecam
1215 2117 1341 2141 vocem
1365 2104 1508 2153 spestes.
1535 2102 1700 2155 fignificat
1722 2105 1816 2142 idem
1839 2119 1879 2143 ac
1898 2121 1942 2145 ex

204 2171 334 2209 somno
346 2167 536 2218 resurgens:
568 2168 661 2203 Nam
684 2162 861 2210 οἰβρίῆοισυ
879 2156 1074 2200 ascensum,
1101 2161 1135 2194 δε
1156 2155 1239 2194 ἱίὸω
1260 2156 1404 2193 dormio
1420 2156 1533 2192 Latini
1547 2157 1823 2207 interpretantur.
1860 2160 1941 2206 (5)

206 2219 369 2260 Deflebat
383 2219 617 2270 virginitatem
631 2215 894 2255 suamlibertas,
921 2222 1029 2261 quam
1039 2208 1151 2247 adhuc
1164 2206 1360 2244 illibitatam
1373 2207 1642 2244 conservaverat.
1673 2211 1732 2252 (6)
1763 2210 1875 2260 Qod
1895 2211 1937 2247 li·

206 2273 319 2311 bertas
333 2274 591 2309 Germanorum
603 2279 788 2318 nunquam
801 2277 870 2302 erat
882 2264 1011 2304 vitiata,
1023 2274 1080 2298 aut
1095 2259 1281 2296 maculata.
1293 2260 1357 2306 (7)
1386 2260 1476 2297 forti
1489 2259 1564 2295 viro
1578 2259 1661 2295 nibil
1679 2259 1723 2296 est
1745 2262 1937 2310 antiquius,

206 2325 294 2365 „ihu
310 2324 442 2360 thasius
463 2322 639 2364 libertate,
665 2319 740 2357 imb
752 2315 972 2367 proillavitae
985 2312 1179 2362 periculum
1199 2311 1290 2348 adire
1310 2324 1385 2348 non
1401 2310 1550 2348 dubitat.
1581 2313 1660 2357 (8)
1690 2312 1836 2348 Vincula
1858 2326 1932 2351 non

207 2378 313 2416 unius
329 2375 521 2424 ejusdemq3
539 2373 671 2425 generis
687 2371 772 2408 sunt:
790 2369 881 2407 Aliis
893 2367 993 2404 inviti
1005 2367 1166 2416 ligantur.
1181 2363 1267 2399 Aliis
1280 2374 1436 2400 amantes
1447 2367 1493 2405 ,&
1506 2361 1755 2412 x·olentes,quae
1769 2365 1936 2402 adaman-

207 2443 242 2469 «ε
261 2428 338 2466 sunt
348 2425 514 2466 firmiora,
566 2422 890 2471 Arminiusigknr,
916 2418 1008 2469 quia
1031 2417 1145 2468 pueris
1160 2413 1326 2452 libertatis
1341 2427 1471 2451 nomen
1481 2411 1642 2450 celebrari
1656 2414 1931 2457 audierat‚adul·

205 2482 275 2520 tior
287 2477 395 2517 faaus
408 2502 419 2520 ,
446 2478 533 2513 adeo
547 2479 619 2521 ejus
635 2475 739 2525 specie
758 2472 1025 2512 accendebatur,
1054 2481 1090 2506 ut
1107 2468 1299 2504 libertatem
1312 2467 1434 2502 habere
1447 2491 1460 2509 ,
1488 2479 1594 2514 quam
1614 2467 1683 2503 vita
1709 2465 1777 2502 frui
1798 2468 1927 2507 mallet.

205 2535 298 2570 Hinc
312 2529 551 2571 cumi-ideret,
583 2529 690 2564 alium
703 2538 779 2563 earn
791 2536 957 2574 tanquam
968 2521 1142 2571 captivam
1161 2519 1287 2556 vincire
1306 2519 1432 2554 catenis
1455 2518 1600 2559 audere,
1622 2518 1711 2554 adeo
1731 2518 1849 2556 exarsit
1867 2520 1929 2561 ira.

205 2596 247 2625 ut
260 2583 320 2621 sibi
334 2593 520 2634 temperare
542 2593 614 2619 non
625 2575 732 2631 posset
743 2602 755 2622 ,
779 2577 865 2629 quin
876 2574 980 2615 armis
998 2572 1165 2623 correptis
1177 2595 1192 2616 ‚
1212 2583 1288 2608 eam
1308 2571 1350 2608 ab
1362 2570 1489 2618 injuria
1502 2569 1702 2611 vindicaret,
